@ARTICLE{tag,
  author = {Список авторов},
  title = {Название статьи},
  year = {год},
  journal = {Название журнала}
}